@article{Science,
    author    = "A. Park Williams and Edward R. Cookjason and E. Smerdon and I. Cookjohn T. Abatzoglou and Kasey Bolles and Seung H. Baek and Andrew M. Badger and Ben Livneh",
    title     = "Large contribution from anthropogenic warming to an emerging North American megadrought",
    journal   = "Science",
    ?_volume   = "",
    ?_number   = "",
    ?_pages    = "",
    year      = "2020",
    ?_month    = "",
    ?_note     = "",
}


@article{einstein,
    author =       "Albert Einstein",
    title =        "{Zur Elektrodynamik bewegter K{\"o}rper}. ({German})
        [{On} the electrodynamics of moving bodies]",
    journal =      "Annalen der Physik",
    volume =       "322",
    number =       "10",
    pages =        "891--921",
    year =         "1905",
    DOI =          "http://dx.doi.org/10.1002/andp.19053221004"
}


@misc{dataset,
      title = "{NOAA National Centers for Environmental information, Climate at a Glance: County Mapping}",
      month = "Mar",
      year = "2020",
      howpublished = {\url{https://www.ncdc.noaa.gov/cag/}},
}


@misc{prophet,
      author = "Facebook Open Source",
      title = "{PROPHET Forecasting At Scale}",
      howpublished = {\url{https://facebook.github.io/prophet/}},
}



@misc{seasonal,
      author = "Ayşenur Özen",
      title = "{Seasonality Analysis and Forecast in Time Series}",
      journal = "The Startup",
      month = "Feb",
      year = "2021",
      howpublished = {\url{https://medium.com/swlh/seasonality-analysis-and-forecast-in-time-series-b8fbba820327}},
}


@misc{arima,
      author = "Paul Dix",
      title = "{Time series forecasting methods}",
      journal = "Influx Data",
      howpublished = {\url{https://www.influxdata.com/time-series-forecasting-methods/}},
}


@misc{holts,
      author = "Sachin Date",
      title = "{Time Series Analysis, Regression and Forecasting}",
      year = "2020",
      howpublished = {\url{https://timeseriesreasoning.com/contents/}},
}


@misc{drought,
      title = "{US Drought Monitor}",
      month = "April",
      year = "2022",
      howpublished = {\url{https://droughtmonitor.unl.edu/CurrentMap/StateDroughtMonitor.aspx?CA}},
}